<collection xmlns="http://www.loc.gov/MARC21/slim">
<record>
  <leader>01289nam0a22002411i 450 </leader>
  <controlfield tag="001">IT\ICCU\CNCE\072134</controlfield>
  <controlfield tag="005">20160316000000.0</controlfield>
  <datafield tag="012" ind1=" " ind2=" ">
    <subfield code="a">i.i. i.t. s.c. 0:di (C) 1590 (Q)</subfield>
    <subfield code="2">fei</subfield>
  </datafield>
  <datafield tag="100" ind1=" " ind2=" ">
    <subfield code="a">20071204f1590        0itac0103    ba</subfield>
  </datafield>
  <datafield tag="101" ind1=" " ind2=" ">
    <subfield code="a">ITA</subfield>
    <subfield code="a">LAT</subfield>
  </datafield>
  <datafield tag="102" ind1=" " ind2=" ">
    <subfield code="a">IT</subfield>
  </datafield>
  <datafield tag="200" ind1="1" ind2=" ">
    <subfield code="a">Per tenor del presente nostro primo monitorio et editto cirtiamo monemo et ricerchiamo ogni et qualunque persona ... che sapesse o hauesse notitia d&apos;vn instrumento celebrato in Santo lorenzo, territorio di Lugo nostra diocesi et stipulato de l&apos;anno 1572 ... fra li sig. Gio. Gregorij et Antonio Gordi dall&apos;vna e m. Salomon da Fano Hebreo</subfield>
  </datafield>
  <datafield tag="210" ind1=" " ind2=" ">
    <subfield code="a">In Rauenna</subfield>
    <subfield code="c">per Pietro Giouanelli</subfield>
    <subfield code="d">\1590!</subfield>
  </datafield>
  <datafield tag="215" ind1=" " ind2=" ">
    <subfield code="a">1 manifesto</subfield>
    <subfield code="d">atl</subfield>
  </datafield>
  <datafield tag="300" ind1=" " ind2=" ">
    <subfield code="a">La data  ̈quella di emanazione. - Si tratta del monitorio su un presunto prestito di 400 scudi da parte di Salomone da Fano</subfield>
  </datafield>
  <datafield tag="620" ind1=" " ind2=" ">
    <subfield code="a">IT</subfield>
    <subfield code="d">Ravenna</subfield>
  </datafield>
  <datafield tag="710" ind1="0" ind2="2">
    <subfield code="a">Imola</subfield>
    <subfield code="c"> &lt;Diocesi&gt;</subfield>
    <subfield code="3">8819</subfield>
  </datafield>
  <datafield tag="712" ind1="0" ind2="0">
    <subfield code="a">Giovannelli, Pietro</subfield>
    <subfield code="3">IT\ICCU\CNCT\001410</subfield>
    <subfield code="4">650</subfield>
  </datafield>
  <datafield tag="790" ind1=" " ind2="0">
    <subfield code="a">Ecclesia Imolensis</subfield>
    <subfield code="3">IT\ICCU\CNCA\020078</subfield>
    <subfield code="z">Imola &lt;Diocesi&gt;</subfield>
  </datafield>
  <datafield tag="791" ind1="0" ind2="0">
    <subfield code="a">Giovannello, Pietro</subfield>
    <subfield code="3">IT\ICCU\CNCT\004894</subfield>
    <subfield code="z">Giovannelli, Pietro</subfield>
  </datafield>
  <datafield tag="791" ind1="0" ind2="0">
    <subfield code="a">Giovanelli, Pietro</subfield>
    <subfield code="3">IT\ICCU\CNCT\004895</subfield>
    <subfield code="z">Giovannelli, Pietro</subfield>
  </datafield>
  <datafield tag="801" ind1=" " ind2="3">
    <subfield code="a">IT</subfield>
    <subfield code="b">ICCU</subfield>
    <subfield code="c">20201115</subfield>
  </datafield>
  <datafield tag="899" ind1=" " ind2=" ">
    <subfield code="a">Biblioteca comunale Fabrizio Trisi. Lugo</subfield>
    <subfield code="1">RA0025</subfield>
    <subfield code="2">RAV CE</subfield>
  </datafield>
</record>
</collection>
